% This file was created with JabRef 2.8.1.
% Encoding: ISO8859_1

@ONLINE{asiapac-finance-cci,
  author = {{{AsiaPac} Finance}},
  title = {Commodity Channel Index {(CCI)}},
  url = {http://www.asiapacfinance.com/trading-strategies/technicalindicators/CommodityChannelIndex},
  language = {English},
  journal = {{AsiaPac} Finance.com}
}

@BOOK{bodie-investments,
  author = {Bodie, Zvi and Kane, Alex and Marcus, Alan J.},
  title = {Investments},
  year = {2005},
  series = {The {McGraw-Hill/Irwin} Series in Finance, Insurance and Real Estate},
  publisher = {{McGraw-Hill/Irwin}},
  isbn = {978-0-07-286178-5},
  address = {New York}
}

@BOOK{elder_living,
  author = {Dr. Alexander Elder},
  title = {Trading for a living : psychology, trading tactics, money},
  year = {1993},
  publisher = {John Wiley \& Sons, Inc.},
  owner = {Peer},
  timestamp = {2013.04.21}
}

@ONLINE{fsharp,
  author = {The F-Sharp Software Foundation},
  title = {About F-Sharp},
  year = {2013},
  url = {http://fsharp.org/about/index.html}
}

@BOOK{kaufman_systems,
  author = {Perry J. Kaufman},
  title = {New Trading Systems and Methods},
  year = {2005},
  publisher = {Wiley},
  owner = {Peer},
  timestamp = {2013.04.21}
}

@BOOK{programmingparadigms,
  author = {Seema V. Kedar},
  title = {Programming Paradigms and Methodology},
  year = {2008},
  publisher = {Technical Publications},
  alteditor = {•},
  optaddress = {•},
  optannote = {•},
  optedition = {•},
  optkey = {•},
  optmonth = {•},
  optnote = {•},
  optnumber = {•},
  optseries = {•},
  optvolume = {•}
}

@ARTICLE{klinker-exponential,
  author = {Frank Klinker},
  title = {Exponential moving average versus moving exponential average},
  journaltitle = {Mathematische Semesterberichte},
  year = {2011},
  volume = {58},
  number = {1},
  pages = {97--107},
  issn = {0720-{728X}},
  doi = {10.1007/s00591-010-0080-8},
  url = {http://www.springerlink.com/content/p13660t2jrk32242/abstract/},
  urldate = {2012-09-16},
  abstract = {In this note we discuss the mathematical tools to define trend indicators
	which are used to describe market trends. We explain the relation
	between averages and moving averages on the one hand and the so called
	exponential moving average {(EMA)} on the other hand. We present
	a lot of examples and give the definition of the most frequently
	used trend indicator, the {MACD.}},
  file = {SpringerLink Full Text PDF:files/7/Klinker - 2011 - Exponential moving average versus moving exponenti.pdf:application/pdf;SpringerLink Snapshot:files/6/abstract.html:text/html},
  keywords = {Mathematics and Statistics}
}

@BOOK{visualcsharp,
  author = {Andreas Kuehnel},
  title = {Visual C-Sharp 2010},
  date = {2010},
  optedition = {5},
  optisbn = {978-3-8362-1552-7},
  optlanguage = {Deutsch},
  optlocation = {Bonn},
  optoriglanguage = {Deutsch},
  optpagetotal = {1295},
  optpublisher = {Galileo Computing},
  optsubtitle = {Das umfassende Handbuch}
}

@ONLINE{charttec-managed-accounts,
  author = {Lampert, Claus},
  title = {Managed Accounts {(B{\"o}rsenlexikon):} Professionelle Verm{\"o}gensverwaltung},
  url = {http://www.charttec.de/html/lexikon_managed_accounts.php},
  language = {Deutsch},
  howpublished = {http://www.charttec.de/html/lexikon\_managed\_accounts.php},
  journal = {B{\"o}rsenbrief {ChartTec.de}},
  shorttitle = {Managed Accounts {(B{\"o}rsenlexikon)}}
}

@ARTICLE{lo-efficient-market-hypothesis,
  author = {Lo, Andrew W.},
  title = {Efficient Markets Hypothesis},
  year = {2007},
  url = {http://papers.ssrn.com/sol3/papers.cfm?abstract_id=991509},
  urldate = {2012-09-24},
  abstract = {The efficient markets hypothesis {(EMH)} maintains that market prices
	fully reflect all available information. Developed independently
	by Paul A. Samuelson and Eugene F. Fama in the 1960s, this idea has
	been applied extensively to theoretical models and empirical studies
	of financial securities prices, generating considerable controversy
	as well as fundamental insights into the price-discovery process.
	The most enduring critique comes from psychologists and behavioural
	economists who argue that the {EMH} is based on counterfactual assumptions
	regarding human behaviour, that is, rationality. Recent advances
	in evolutionary psychology and the cognitive neurosciences may be
	able to reconcile the {EMH} with behavioural anomalies.},
  file = {SSRN Snapshot:files/21/papers.html:text/html},
  journal = {{SSRN} {eLibrary}},
  keywords = {Behavioral Finance, Market Efficiency}
}

@ONLINE{avellaneda-algorithmic-2011,
  author = {{{Marco} Avellaneda}},
  title = {Algorithmic and High-frequency trading: an overview},
  year = {2011},
  url = {http://www.math.nyu.edu/faculty/avellane/QuantCongressUSA2011AlgoTradingLAST.pdf},
  language = {English},
  address = {Quant Congress {USA}}
}

@ONLINE{arraysfs,
  author = {MSDN},
  title = {Arrays in F-Sharp},
  year = {2013},
  url = {msdn.microsoft.com},
  optaddendum = {•},
  optdate = {•},
  optlanguage = {Englisch},
  optmonth = {•},
  optnote = {•},
  optorganization = {Microsoft},
  optpubstate = {•},
  optsubtitle = {F-Sharp Language Reference},
  opttitleaddon = {Visual F-Sharp},
  opturldate = {•},
  optversion = {2}
}

@ONLINE{dllmsdn1,
  author = {MSDN},
  title = {DLLs},
  year = {2013},
  url = {msdn.microsoft.com},
  optaddendum = {•},
  optdate = {•},
  optlanguage = {Englisch},
  optmonth = {•},
  optnote = {•},
  optorganization = {Microsoft},
  optpubstate = {•},
  optsubtitle = {Technologies and Techniques},
  opttitleaddon = {msdn},
  optversion = {2}
}

@ONLINE{dllmsdn2,
  author = {MSDN},
  title = {Exemplarische Vorgehensweise: DLLs},
  year = {2013},
  url = {msdn.microsoft.com},
  optaddendum = {•},
  optdate = {•},
  optlanguage = {Englisch},
  optmonth = {•},
  optnote = {•},
  optorganization = {Microsoft},
  optpubstate = {•},
  optsubtitle = {Exemplarische Vorgehensweise: Erstellen und Verwenden einer DLL (Dynamic
	Link Library)},
  opttitleaddon = {msdn},
  optversion = {2}
}

@ONLINE{listfs,
  author = {MSDN},
  title = {Lists in F-Sharp},
  year = {2013},
  url = {msdn.microsoft.com},
  optaddendum = {•},
  optdate = {•},
  optlanguage = {Englisch},
  optmonth = {•},
  optnote = {•},
  optorganization = {Microsoft},
  optpubstate = {•},
  optsubtitle = {F-Sharp Language Reference},
  opttitleaddon = {Visual F-Sharp},
  opturldate = {•},
  optversion = {2}
}

@ONLINE{pmfs,
  author = {MSDN},
  title = {Pattern Matching in F-Sharp},
  year = {2013},
  url = {msdn.microsoft.com},
  optaddendum = {•},
  optdate = {•},
  optlanguage = {Englisch},
  optmonth = {•},
  optnote = {•},
  optorganization = {Microsoft},
  optpubstate = {•},
  optsubtitle = {F-Sharp Language Reference},
  opttitleaddon = {Visual F-Sharp},
  opturldate = {•},
  optversion = {2}
}

@ONLINE{seqfs,
  author = {MSDN},
  title = {Sequenzen in F-Sharp},
  year = {2013},
  url = {msdn.microsoft.com},
  optaddendum = {•},
  optdate = {•},
  optlanguage = {Englisch},
  optmonth = {•},
  optnote = {•},
  optorganization = {Microsoft},
  optpubstate = {•},
  optsubtitle = {F-Sharp Language Reference},
  opttitleaddon = {Visual F-Sharp},
  opturldate = {•},
  optversion = {2}
}

@ONLINE{sofs,
  author = {MSDN},
  title = {Symbol and Operator Reference (F-Sharp)},
  year = {2013},
  url = {msdn.microsoft.com},
  optaddendum = {•},
  optdate = {•},
  optlanguage = {Englisch},
  optmonth = {•},
  optnote = {•},
  optorganization = {Microsoft},
  optpubstate = {•},
  optsubtitle = {F-Sharp Language Reference},
  opttitleaddon = {Visual F-Sharp},
  optversion = {2}
}

@ONLINE{tupelfs,
  author = {MSDN},
  title = {Tupeln in F-Sharp},
  year = {2013},
  url = {msdn.microsoft.com},
  optaddendum = {•},
  optdate = {•},
  optlanguage = {Englisch},
  optmonth = {•},
  optnote = {•},
  optorganization = {Microsoft},
  optpubstate = {•},
  optsubtitle = {F-Sharp Language Reference},
  opttitleaddon = {Visual F-Sharp},
  opturldate = {•},
  optversion = {2}
}

@ARTICLE{mulloy-smoothing,
  author = {Mulloy, Patrick G.},
  title = {Smoothing Data With Less Lag},
  year = {1994},
  language = {English},
  month = feb,
  url = {http://www.docin.com/p-5208290.html},
  urldate = {2012-10-09},
  file = {Snapshot:files/44/p-5208290.html:text/html},
  journal = {Stocks \& Commodities},
  keywords = {commodities, ema, emas, mulloy, smoothing, yiwanyi}
}

@ONLINE{investopedia-support-resistance,
  author = {Murphy, Casey},
  title = {Support \& Resistance Basics},
  year = {2007},
  url = {http://www.investopedia.com/articles/technical/061801.asp},
  month = apr,
  urldate = {2012-10-21},
  abstract = {Understanding this key concept can drastically improve your short-term
	investing strategy.},
  file = {Snapshot:/Users/Peer/Library/Application Support/Zotero/Profiles/4c396zoo.default/zotero/storage/55Q4I83T/061801.html:text/html},
  howpublished = {http://www.investopedia.com/articles/technical/061801.asp},
  journal = {Investopedia},
  keywords = {active trading, auto insurance, buy, ceiling, chart, chartist, fibonacci,
	fibonacci retracement, floor, indicator, level, long, moving average,
	peaks, profit taking, resistance, sell, short, stop order, support,
	support and resistance, target price, Technical Analysis, trendlines,
	trends}
}

@BOOK{murphy-technische,
  author = {Murphy, John J.},
  title = {Technische Analyse der Finanzm{\"a}rkte},
  year = {2004},
  language = {de},
  edition = {3. aktualisierte Auflage},
  publisher = {{FinanzBuch} Verlag},
  isbn = {3-89879-062-2},
  address = {M{\"u}nchen}
}

@INCOLLECTION{paraschiv-algorithmic-2008,
  author = {Paraschiv, Daniel and Raghavendra, Srinivas and Vasiliu, Laurentiu},
  editor = {Badica, Costin and Mangioni, Giuseppe and Carchiolo, Vincenza and
	Burdescu, Dumitru},
  title = {Algorithmic Trading on an Artificial Stock Market},
  booktitle = {Intelligent Distributed Computing, Systems and Applications},
  year = {2008},
  volume = {162},
  series = {Studies in Computational Intelligence},
  publisher = {Springer Berlin / Heidelberg},
  isbn = {978-3-540-85256-8},
  pages = {281--286},
  url = {http://www.springerlink.com/content/w302g65r2757621n/abstract/},
  urldate = {2012-09-16},
  abstract = {This work introduces algorithmic trading on artificial stock markets
	and describes past and existing approaches. A proposed framework
	of the artificial stock market approach is presented, together with
	the used agent types. Then the simulation results' analyses are discussed.
	Conclusions and future work directions are presented, showing where
	the {MACD} algorithm and some rules can be used. The human behavior
	influence over the market is highlighted.},
  file = {SpringerLink Snapshot:files/16/abstract.html:text/html},
  keywords = {Engineering}
}

@ONLINE{zinseszins,
  author = {Dennis Rudolph},
  title = {Zinseszins},
  year = {2011},
  url = {http://www.frustfrei-lernen.de/mathematik/zinseszins.html},
  language = {Deutsch},
  month = {11},
  owner = {Peer},
  timestamp = {2013.05.06}
}

@ARTICLE{sharpe_ratio,
  author = {William F. Sharpe},
  title = {The Sharpe Ratio},
  year = {1994},
  journal = {Journal of Portfolio Management},
  owner = {Peer},
  timestamp = {2013.05.06}
}

@ONLINE{singer-herdentrieb,
  author = {Singer, Klaus},
  title = {Herdentrieb - der {"Beauty} Contest" von Keynes},
  year = {2012},
  url = {http://www.timepatternanalysis.de/Blog/2012/02/27/der-beauty-contest-von-keynes/},
  month = feb,
  journal = {{TimePatternAnalysis}}
}

@ARTICLE{bank_hochfrequenz,
  author = {Birga Teske},
  title = {Hochfrequenz-Handel - Schneller als der Blitz},
  year = {2010},
  volume = {05},
  url = {http://www.die-bank.de/finanzmarkt/schneller-als-der-blitz},
  journal = {die bank},
  owner = {Peer},
  timestamp = {2013.05.04}
}

@INCOLLECTION{tucnik-optimization-2010,
  author = {Tucnik, Petr},
  editor = {Forbrig, Peter and G{\"u}nther, Horst and Aalst, Wil and Mylopoulos,
	John and Rosemann, Michael and Shaw, Michael J. and Szyperski, Clemens},
  title = {Optimization of Automated Trading System's Interaction with Market
	Environment},
  booktitle = {Perspectives in Business Informatics Research},
  year = {2010},
  volume = {64},
  series = {Lecture Notes in Business Information Processing},
  publisher = {Springer Berlin Heidelberg},
  isbn = {978-3-642-16101-8},
  pages = {55--61},
  url = {http://www.springerlink.com/content/n661008x15m15675/abstract/},
  urldate = {2012-09-16},
  abstract = {This work is focused on the automated trading systems {(ATS)} design
	and optimization. In a preparation phase before use, an optimization
	of interaction of such systems with its intended market environment
	should be done. The technical analysis indicators are most frequently
	used in {ATS.} Optimization is done by testing of different settings
	of {MACD} indicator and optimal settings depend heavily on market
	parameters. The intended use of the {ATS} is to perform its activity
	independently to some extend (depending on user's preferences). The
	main aim is to enhance automated trading system performance, in order
	to improve its usefulness and acceptability for the user. Paper will
	be focused on futures markets only {(Chicago} and New York), but
	results are applicable to other areas of trading as well.},
  file = {SpringerLink Snapshot:files/15/abstract.html:text/html},
  keywords = {Computer Science}
}

@ARTICLE{vasiliou-how-2006,
  author = {Vasiliou, Dimitrios and Eriotis, Nikolaos and Papathanasiou, Spyros},
  title = {How rewarding is technical analysis? Evidence from Athens Stock Exchange},
  year = {2006},
  volume = {6},
  number = {2},
  pages = {85--102},
  issn = {1109-2858},
  doi = {10.1007/BF02941226},
  url = {http://www.springerlink.com/content/v132w60428565042/abstract/},
  urldate = {2012-09-16},
  abstract = {The purpose of this paper is to investigate the performance of various
	technical trading rules in the Athens Stock Market. We test two of
	the simplest and most popular trading rules- Moving Averages and
	{MACD} Indicator. We evaluate how these simple forms of technical
	analysis can predict stock price movements in the Athens Stock Exchange.
	This study will investigate these effects for the most important
	index of the Athens market, the Athens General Index. Our study covers
	the period from 1/1/1990 to 31/12/2004. The methodologies employed
	include standard tests and bootstrap. Overall, our results provide
	strong support for the examined technical strategies.},
  file = {SpringerLink Snapshot:files/11/abstract.html:text/html},
  journal = {Operational Research},
  keywords = {Business and Economics},
  shorttitle = {How rewarding is technical analysis?}
}

@ARTICLE{wang-algorithmic-2009,
  author = {Wang, Feng and Dong, Keren and Deng, Xiaotie},
  title = {Algorithmic trading system: design and applications},
  year = {2009},
  volume = {3},
  number = {2},
  pages = {235--246},
  issn = {1673-7350},
  doi = {10.1007/s11704-009-0030-6},
  url = {http://www.springerlink.com/content/jt13756150262151/abstract/},
  urldate = {2012-09-18},
  abstract = {This paper provides an overview of research and development in algorithmic
	trading and discusses key issues involved in the current effort on
	its improvement, which would be of great value to traders and investors.
	Some current systems for algorithmic trading are introduced, together
	with some illustrations of their functionalities. We then present
	our platform named {FiSim} and discuss its overall design as well
	as some experimental results in user strategy comparisons.},
  journal = {Frontiers of Computer Science in China},
  keywords = {Informatik},
  shorttitle = {Algorithmic trading system}
}

@ONLINE{ama_whs,
  author = {Rudolf Wittmer},
  title = {AMA - Adaptive Moving Average},
  url = {http://www.whs-gmbh.de/Downloads/HSuInd/AMA/AMA.PDF},
  organization = {WHS GesmbH},
  owner = {Peer},
  timestamp = {2013.04.21}
}

@ONLINE{atr_whs,
  author = {Rudolf Wittmer},
  title = {ATR - Average True Range},
  url = {http://www.whs-gmbh.de/Downloads/HSuInd/ATR_Stop/ATR.PDF},
  language = {Deutsch},
  organization = {WHS GmbH},
  owner = {Peer},
  timestamp = {2013.04.24}
}

@ONLINE{boerse-frankfurt-funktion,
  title = {Was ist die B{\"o}rse?},
  url = {http://www.boerse-frankfurt.de/de/wissen/aufgaben+einer+boerse/was_ist_boerse},
  howpublished = {http://www.boerse-frankfurt.de/de/wissen/aufgaben+einer+boerse/was\_ist\_boerse}
}

@ONLINE{boerse-wien-funktion,
  title = {Wie funktioniert die B{\"o}rse?},
  url = {http://www.wienerborse.at/beginner/basics/funktion.html}
}

@ONLINE{charttec-aroon,
  title = {Der Boersenbrief {ChartTec.de} - Technische Wertpapieranalyse seit
	1998},
  url = {http://www.charttec.de/},
  urldate = {2012-10-10},
  abstract = {Der Boersenbrief {ChartTec.de} hat sich auf die technische Analyse
	spezialisiert und erstellt seit 1998 Chartanalysen.},
  howpublished = {http://www.charttec.de/},
  journal = {Boersenbrief {ChartTec.de}},
  keywords = {aroon, {AROON} - Indikator, oszillator, signalzone, trendst{\"a}rke,
	trendwechsel}
}

@ONLINE{charttec-cci,
  title = {Der Boersenbrief {ChartTec.de} - Technische Wertpapieranalyse seit
	1998},
  url = {http://www.charttec.de/},
  urldate = {2012-10-10},
  abstract = {Der Boersenbrief {ChartTec.de} hat sich auf die technische Analyse
	spezialisiert und erstellt seit 1998 Chartanalysen.},
  file = {Snapshot:files/47/indikator_cci.html:text/html},
  howpublished = {http://www.charttec.de/},
  journal = {Boersenbrief {ChartTec.de}},
  keywords = {{CCI} {(Commodity} Channel Index), cci index, cci indikator, Commodity
	Channel Index, Divergenzen, donald lambert}
}

@ONLINE{charttec-kursfeststellung,
  title = {Der Boersenbrief {ChartTec.de} - Technische Wertpapieranalyse seit
	1998},
  url = {http://www.charttec.de/},
  urldate = {2012-09-24},
  abstract = {Der Boersenbrief {ChartTec.de} hat sich auf die technische Analyse
	spezialisiert und erstellt seit 1998 Chartanalysen.},
  file = {Snapshot:files/27/info_kursfeststellung.html:text/html},
  howpublished = {http://www.charttec.de/},
  journal = {Boersenbrief {ChartTec.de}},
  keywords = {aktienkurs, aktienkurse, beweggr{\"u}nde, Der Aktienkurs: wie funktioniert
	die Kursfeststellung?, kaufauftrag, k{\"a}uferseite, kursdatenversorger,
	kursfestellung, kursfeststellung, kursfindung, kursgewinn, kursmakler,
	kursstellung, kursziel, limitiert, makler, nachfrage, orderbuch,
	position, preisbildung, realtime, stop-loss, verkaufen, verk{\"a}ufer,
	verkaufsauftrag}
}

@ONLINE{cs-tuple,
  title = {C-Sharp Tuple},
  url = {http://www.dotnetperls.com/tuple},
  altauthor = {Sam Allen},
  opturldate = {2013-04-13}
}

@ONLINE{duden-baerenmarkt,
  title = {Baerenmarkt},
  url = {http://www.duden.de/rechtschreibung/Baerenmarkt},
  urldate = {2012-09-24},
  abstract = {Definition, Rechtschreibung, Synonyme und Grammatik von {'B{\"a}renmarkt'}
	auf Duden online nachschlagen. W{\"o}rterbuch der deutschen Sprache.},
  file = {Snapshot:files/23/Baerenmarkt.html:text/html},
  howpublished = {{http://www.duden.de/rechtschreibung/Baerenmarkt}},
  keywords = {Definition, Rechtschreibung, Synonyme und Grammatik von {'B{\"a}renmarkt'}
	auf Duden online nachschlagen. W{\"o}rterbuch der deutschen Sprache.}
}

@ONLINE{duden-bullenmarkt,
  title = {Bullenmarkt},
  url = {http://www.duden.de/rechtschreibung/Bullenmarkt},
  urldate = {2012-09-24},
  abstract = {Definition, Rechtschreibung, Synonyme und Grammatik von {'Bullenmarkt'}
	auf Duden online nachschlagen. W{\"o}rterbuch der deutschen Sprache.},
  file = {Snapshot:files/25/Bullenmarkt.html:text/html},
  howpublished = {{http://www.duden.de/rechtschreibung/Bullenmarkt}},
  keywords = {Definition, Rechtschreibung, Synonyme und Grammatik von {'Bullenmarkt'}
	auf Duden online nachschlagen. W{\"o}rterbuch der deutschen Sprache.}
}

@ONLINE{etf-hq-dema-tema,
  title = {Double {(D-EMA)} and Triple Exponential Moving Average {(T-EMA)}
	« {ETF} {HQ}},
  url = {http://etfhq.com/blog/2010/11/17/double-and-triple-exponential-moving-average/},
  urldate = {2012-10-09},
  abstract = {What is the Double Exponential Moving Average and Triple Exponential
	Moving Average and how are they calculated? Find out + download a
	free excel spreadsheet with their formula.},
  file = {Snapshot:files/42/double-and-triple-exponential-moving-average.html:text/html},
  howpublished = {http://etfhq.com/blog/2010/11/17/double-and-triple-exponential-moving-average/},
  journal = {{ETF} {HQ}},
  keywords = {Double Exponential Moving Average, Excel, Market Timing, Technical
	Analysis, Technical Indicator, Triple Exponential Moving Average}
}

@ONLINE{extended-wpf-toolkit,
  title = {Extended WPF Toolkit Community Edition},
  url = {http://wpftoolkit.codeplex.com/},
  urldate = {2013-01-28},
  altauthor = {Xceed},
  opturldate = {2013-04-20}
}

@ONLINE{gabler-leerverkauf,
  title = {Leerverkauf},
  url = {http://wirtschaftslexikon.gabler.de/Definition/leerverkauf.html},
  howpublished = {{http://wirtschaftslexikon.gabler.de/Definition/leerverkauf.html}}
}

@ONLINE{investopedia-index,
  title = {Index Definition {\textbar} Investopedia},
  url = {http://www.investopedia.com/terms/i/index.asp},
  urldate = {2012-09-25},
  abstract = {A statistical measure of change in an economy or a securities market.
	In the case of financial markets, an index is an imaginary portfolio
	of securities representing a particular market or a portion of it.
	Each index has its own calculation methodology and is usually expressed
	in terms of a change from a base value.},
  file = {Snapshot:files/35/index.html:text/html},
  howpublished = {http://www.investopedia.com/terms/i/index.asp},
  journal = {Investopedia},
  keywords = {401k, analysis, beginner, definitions, dictionary, education, etfs,
	finance, financial, forex, glossary, index, indice, indices, invest,
	investing, investment, investor, ipo, ira, market, mutual funds,
	nasdaq, news, options, personal, quotes, stocks, terms, trader, trading,
	tutorials}
}

@ONLINE{mschart-grundlagen,
  title = {How-To: Charts und Diagramme mit MSChart ? die Grundlagen},
  url = {http://www.just-about.net/mschart-grundlagen},
  urldate = {2010-11-29},
  altauthor = {Hendrik Loesch},
  opturldate = {2013-04-20}
}

@ONLINE{msdn-charting,
  title = {Chart Controls},
  date = {2012-08-02},
  url = {http://msdn.microsoft.com/en-us/library/dd456632.aspx},
  altauthor = {Microsoft},
  opturldate = {2013-04-13}
}

@ONLINE{msdn-mvvm,
  title = {Implementing the MVVM Pattern},
  date = {2012-08-28},
  url = {http://msdn.microsoft.com/en-us/library/gg405484(v=pandp.40).aspx},
  altauthor = {Microsoft},
  opturldate = {2013-04-13}
}

@ELECTRONIC{tradimo_pivot_points,
  title = {Pivot Points},
  url = {http://en.tradimo.com/learn/chart-analysis/pivot-points/},
  organization = {Etruvian Limited - tradimo Ltd.},
  howpublished = {tradimo.com},
  owner = {Peer},
  timestamp = {2013.04.24}
}

@ONLINE{tuple-performance,
  title = {C-Sharp Tuple Versus KeyValuePair},
  url = {http://www.dotnetperls.com/tuple-keyvaluepair},
  altauthor = {Sam Allen},
  opturldate = {2013-04-13}
}

@ELECTRONIC{standardabweichung,
  title = {Fehlerrechnung},
  year = {2012},
  url = {https://ap.physik.uni-konstanz.de/AP-public/Anleitungen/Fehlerrechnung.pdf},
  language = {Deutsch},
  organization = {Universität Konstanz},
  month = {11},
  owner = {Peer},
  timestamp = {2013.05.06}
}

@ONLINE{forextraders-mt5,
  title = {{MetaTrader} 5 Review - {MT5} Trading Software Review},
  year = {2011},
  url = {http://www.forextraders.com/forex-software/metatrader-5.html},
  language = {English},
  month = dec,
  howpublished = {http://www.forextraders.com/forex-software/metatrader-5.html},
  journal = {forextraders: the social forex network}
}

